<record><leader>01324cam a2200373 a 4500</leader><controlfield tag="001">6804906</controlfield><controlfield tag="003">OCoLC</controlfield><controlfield tag="005">20150317090841.0</controlfield><controlfield tag="008">110908s2015    enk      bd   001 0 eng  </controlfield><datafield ind1=" " ind2=" " tag="010"><subfield code="a">  2011037082</subfield></datafield><datafield ind1=" " ind2=" " tag="020"><subfield code="a">9781847065797</subfield><subfield code="q">paperback</subfield></datafield><datafield ind1=" " ind2=" " tag="020"><subfield code="a">1847065791</subfield><subfield code="q">paperback</subfield></datafield><datafield ind1=" " ind2=" " tag="020"><subfield code="a">9781847065780</subfield><subfield code="q">hardcover</subfield></datafield><datafield ind1=" " ind2=" " tag="020"><subfield code="a">1847065783</subfield><subfield code="q">hardcover</subfield></datafield><datafield ind1=" " ind2=" " tag="035"><subfield code="a">ocn752471986</subfield></datafield><datafield ind1=" " ind2=" " tag="039"><subfield code="a">exclude</subfield></datafield><datafield ind1=" " ind2=" " tag="040"><subfield code="a">DLC</subfield><subfield code="b">eng</subfield><subfield code="c">DLC</subfield><subfield code="d">YDX</subfield><subfield code="d">BDX</subfield><subfield code="d">OCLCF</subfield><subfield code="d">YDXCP</subfield><subfield code="d">OCLCO</subfield><subfield code="d">OCLCQ</subfield><subfield code="d">AEU</subfield></datafield><datafield ind1="0" ind2="0" tag="050"><subfield code="a">B2751</subfield><subfield code="b">.T56 2015</subfield></datafield><datafield ind1="0" ind2="0" tag="082"><subfield code="a">193</subfield><subfield code="2">23</subfield></datafield><datafield ind1=" " ind2=" " tag="090"><subfield code="a">B2751 .T56 2015</subfield><subfield code="b">AEGMCT</subfield></datafield><datafield ind1="1" ind2=" " tag="100"><subfield code="a">Thorpe, Lucas.</subfield></datafield><datafield ind1="1" ind2="4" tag="245"><subfield code="a">The Kant dictionary /</subfield><subfield code="c">Lucas Thorpe.</subfield></datafield><datafield ind1=" " ind2=" " tag="260"><subfield code="a">London, U.K ;</subfield><subfield code="a">New York, N.Y. :</subfield><subfield code="b">Bloomsbury,</subfield><subfield code="c">2015.</subfield></datafield><datafield ind1=" " ind2=" " tag="300"><subfield code="a">240 pages ;</subfield><subfield code="c">22 cm.</subfield></datafield><datafield ind1=" " ind2=" " tag="336"><subfield code="a">text</subfield><subfield code="b">txt</subfield><subfield code="2">rdacontent</subfield></datafield><datafield ind1=" " ind2=" " tag="337"><subfield code="a">unmediated</subfield><subfield code="b">n</subfield><subfield code="2">rdamedia</subfield></datafield><datafield ind1=" " ind2=" " tag="338"><subfield code="a">volume</subfield><subfield code="b">nc</subfield><subfield code="2">rdacarrier</subfield></datafield><datafield ind1="1" ind2=" " tag="490"><subfield code="a">Bloomsbury philosophy dictionaries</subfield></datafield><datafield ind1=" " ind2=" " tag="504"><subfield code="a">Includes bibliographical references (p. [229]-234) and index.</subfield></datafield><datafield ind1=" " ind2=" " tag="596"><subfield code="a">29</subfield></datafield><datafield ind1="1" ind2="0" tag="600"><subfield code="a">Kant, Immanuel,</subfield><subfield code="d">1724-1804</subfield><subfield code="v">Dictionaries.</subfield></datafield><datafield ind1=" " ind2="0" tag="830"><subfield code="a">Bloomsbury philosophy dictionaries.</subfield></datafield><datafield ind1=" " ind2=" " tag="949"><subfield code="a">B2751 .T56 2015</subfield><subfield code="h">GMCT-OS-B</subfield><subfield code="i">1007406984</subfield><subfield code="p">40.85</subfield><subfield code="k">AVAIL_SOON</subfield></datafield><datafield ind1=" " ind2=" " tag="926"><subfield code="a">B2751 .T56 2015</subfield><subfield code="w">LC</subfield><subfield code="c">1</subfield><subfield code="i">1007406984</subfield><subfield code="d">12/14/2015</subfield><subfield code="e">11/24/2015</subfield><subfield code="l">ON_SHELF</subfield><subfield code="m">GR_MACEWAN</subfield><subfield code="n">3</subfield><subfield code="p">$40.85</subfield><subfield code="r">Y</subfield><subfield code="s">Y</subfield><subfield code="t">BOOK</subfield><subfield code="u">3/25/2015</subfield></datafield></record>